\begin{filecontents}{\jobname.bib}
@ARTICLE{AZEB,
  author  = {AZEVEDO, W. W. and {\textit{ et al.}}}, 
  title   = {Morphological extreme learning machines applied to detect and classify masses in mammograms}, 
  journal = {In: 2015 International Joint Conference on Neural Networks (IJCNN), Killarney.},
  doi     = {https://doi.org/10.1109/IJCNN.2015.7280774},
  year    = {2015}
}

@ARTICLE{AZEC,
  author  = {AZEVEDO, W. W. and {\textit{ et al.}}},
  title   = {Morphological Extreme Learning Machines applied to the detection and classification of mammary lesions},
  journal = {In: Tapan K Gandhi; Siddhartha Bhattacharyya; Sourav De; Debanjan Konar; Sandip Dey. (Org.). Advanced Machine Vision Paradigms for Medical Image Analysis. 1ed.Londres: Elsevier Science.},
  pages   = {1-30},
  doi     = {https://doi.org/10.1016/B978-0-12-819295-5.00003-2},
  year    = {2020}
}

@ARTICLE{HUAA,
  author  = {HUANG, G. B. {\textit{ et al.}}}, 
  title   = {Classification ability of single hidden layer feedforward neural networks},
  journal = {The IEEE Transactions on Neural Networks and Learning Systems},
  volume = {11(3)},
  pages   = {799-801},
  doi     = {https://doi.org/10.1109/72.846750},
  year    = {2000}
}

@ARTICLE{HUAB,
  author  = {HUANG, G. B.  {\textit{ et al.}}},
  title   = {Extreme Learning Machine for Regression and MultiClass Classification},
  journal = {IEEE Transactions on Systems, Man, and Cybernetics},
  volume = {42(2)},
  pages   = {513-519},
  doi     = {https://doi.org/10.1109/TSMCB.2011.2168604},
  year    = {2012}
}

@ARTICLE{LIMAA,
  author  = {LIMA, S. M. L. and SILVA-FILHO, A. G. and DOS SANTOS, W. P.},
  title   = {A methodology for classification of lesions in mammographies using Zernike Moments, ELM and SVM Neural Networks in a multi-kernel approach},
  journal = {In: 2014 IEEE International Conference on Systems, Man and Cybernetics SMC, San Diego},
  doi     = {https://doi.org/10.1109/SMC.2014.6974041},
  year    = {2014}
}

@BOOK{LIMAB,
  author  = {LIMA, S. M. L. and SILVA-FILHO and SANTOS, W. P.},
  title   = {Morphological Decomposition to Detect and Classify Lesions in Mammograms.In: Wellington Pinheiro dos Santos; Maíra Araújo de Santana; Washington Wagner Azevedo da Silva. (Org.). Understanding a Cancer Diagnosis},
  journal = { New York: Nova Science},
  pages   = {27-64},
  url = {https://novapublishers.com/shop/understanding-a-cancer-diagnosis/},
  year    = {2020}
}

@ARTICLE{LIMAC,
  author  = {LIMA, S.M.L. and SILVA-FILHO, A. G. and SANTOS, W. P.},
  title   = {Detection and classification of masses in mammographic images in a multi-kernel approach},
  journal = {Computer Methods and Programs in Biomedicine},
  volume = {134},
  pages   = {11-29},
  doi     = {https://doi.org/10.1016/j.cmpb.2016.04.029},
  year    = {2016}
}

@BOOK{PER,
  author  = {PEREIRA, J. M. S. {\textit{ et al.}}},
  title   = {Method for Classification of Breast Lesions in Thermographic Images Using ELM Classifiers. In: Wellington Pinheiro dos Santos; Maíra Araújo de Santana; Washington Wagner Azevedo da Silva. (Org.). Understanding a Cancer Diagnosis}, 
  journal = {York: Nova Science},
  pages   = {117-132},
  address     = {https://novapublishers.com/shop/understanding-a-cancer-diagnosis/},
  year    = {2020}
}

@book{SANTOSA,
author = {SANTOS, W. P.},
title = {Mathematical Morphology In Digital Document Analysis and Processing},
year = {2011},
publisher = {New York: Nova Science},
pages   = {159-192},
volume = {8}
}

@ARTICLE{SANTOS,
  author  = {SANTOS, M. M. and SILVA FILHO, A. G. and SANTOS, W. P.},
  title   = {Deep convolutional extreme learning machines: Filters combination and error model validation},
  journal = {NEUROCOMPUTING},
  volume  = {329},
  pages   = {359-369},
  doi     = {https://doi.org/10.1016/j.neucom.2018.10.063},
  year    = {2019}
}

@ARTICLE{XIANG,
  author  = {XIANG, C. and DING, S. Q. and LEE, T. H.},
  title   = {Geometrical interpretation and architecture selection of MLP}, 
  journal = {The IEEE Transactions on Neural Networks and Learning Systems},
  volume  = {16},
  pages   = {84-96},
  doi     = {https://doi.org/10.1109/TNN.2004.836197},
  year    = {2005}
}

@book{McA18,
author = {Intel},
title = {McAfee Labs},
year = {2018},
url = {https://www.mcafee.com/enterprise/en-us/assets/reports/rp-quarterly-threats-mar-2018.pdf},
publisher = {Accessed on Feb 2020}
}

@ARTICLE{LIMA,
author = {LIMA, S.M.L. and  SILVA, H.K.L. and LUZ, J.H.S. {\textit{ et al.}}},
title = {Artificial intelligence-based antivirus in order to detect malware preventively},
year = {2021},
journal = {Progress in Artificial Intelligence},
doi = {https://doi.org/10.1007/s13748-020-00220-4}
}

@book{PIN19,
author = {LIMA, S.M.L},
title = {Limitation of COTS antiviruses: issues, controversies, and problems of COTS antiviruses},
year = {2020},
publisher = {In: Cruz-Cunha, M.M., Mateus-Coelho, N.R. (eds.) Handbook of Research on Cyber Crime and Information Privacy, vol. 1, 1st edn. IGI Global, Hershey},
doi = {http://dx.doi.org/10.4018/978-1-7998-5728-0.ch020}
}

@book{SAN17,
author = {SANS},
title = {SANS Institute InfoSec Reading Room. Out with The Old, In with The New: Replacing Traditional Antivirus},
year = {2017},
url = {https://www.sans.org/reading-room/whitepapers/analyst/old-new-replacing-traditional-antivirus-37377},
publisher = {Accessed on Feb 2020}
}

@ARTICLE{WINA,
  author  = {VINAYAKUMAR R.; SOMAN, K.P.},
  title   = {DeepMalNet: Evaluating shallow and deep networks for static PE malware detection},
  journal = {ICT Express.},
  doi     = {https://doi.org/10.1016/j.icte.2018.10.006},
  year    = {2018}
}

%=========================================
@ARTICLE{27,
  author  = {WAGNER, G.; GAL, A; FRANZ, M.},
  title   = {“Slimming” a Java virtual machine by way of cold code removal and optimistic partial program loading},
  journal = {Science of Computer Programming},
  doi     = {https://doi.org/10.1016/j.scico.2010.04.008},
  volume  = {76},
  pages   = {1037-1053},
  year    = {2011}
}

%[6]	IBM X-Force Threat Intelligence Quarterly 1Q 2014. Explore the latest security trends—from malware delivery to mobile device risks—based on 2013 year-end data and ongoing research. 2014.
@ARTICLE{6,
  author  = {IBM},
  title   = {IBM X-Force Threat Intelligence Quarterly 1Q 2014},
  journal = {Explore the latest security trends—from malware delivery to mobile device risks—based on 2013 year-end data and ongoing research},
  year    = {2014}
}

%[20]	REJAFADA (A  Retrieval of Jar Files Applied to Dynamic Analysis). Available in: https://github.com/rewema/rejafada. Accessed on  June  2018.
@ARTICLE{20,
  author  = {APT},
  title   = {Retrieval for APT Malware Analysis},
  url = {https://github.com/nevesisaac/APT},
  year    = {2021}
}

%[18]	PAUL, N.; EVANS, D. Comparing Java and .NET security: Lessons learned and missed.Computers& Security. 25 338-350, 2016.
@ARTICLE{18,
  author  = {PAUL, N. and EVANS, D.},
  title   = {Comparing Java and .NET security: Lessons learned and missed},
  journal = {Computers& Security},
  doi     = {https://doi.org/10.1016/j.cose.2006.02.003},
  volume  = {25(5)},
  pages   = {338-350},
  year    = {2006}
}

%[24]	SHAHZAD , F.;  SHAHZAD, M.;  MUDDASSAR F. In-execution dynamic malware analysis and detection by mining information in process control blocks of Linux OS. Information Sciences 231,  45–63, 2013.
@ARTICLE{24,
  author  = {SHAHZAD , F. and  SHAHZAD, M. and  MUDDASSAR F.},
  title   = {In-execution dynamic malware analysis and detection by mining information in process control blocks of Linux OS},
  journal = {Information Sciences},
  volume  = {231(10)},
  pages   = {45–63},
  doi     = {https://doi.org/10.1016/j.ins.2011.09.016},
  year    = {2013}
}

%[21]	SALEHI, Z.; SAMI, A.; GHIASI, M. Using features generation from API calls form malware detection. Computer Fraud & Security, 9 (2014) 9 -18.
@ARTICLE{21,
  author  = {SALEHI, Z. and SAMI, A. and GHIASI, M.},
  title   = {Using features generation from API calls form malware detection},
  journal = {Computer Fraud & Security},
  doi     = {https://doi.org/10.1016/S1361-3723(14)70531-7},
  pages   = {9-18},
  year    = {2014}
}

@ARTICLE{boole,
  author  = {George Boole.},
  title   = {The mathematical analysis of logic},
  publisher = {Philosophical Library},
  year    = {1847}
}

%[2]	Cisco 2014 Annual Security Report. Available in: http://www.efocus.sk/images/uploads/Cisco_2014_ASR.pdf. Accessed on  June 2017, 2014.
@ARTICLE{2,
  author  = {CISCO},
  title   = {Cisco 2014 Annual Security Report.},
  url = {http://www.efocus.sk/images/uploads/Cisco_2014_ASR.pdf},
  year    = {2014}
}


% IoT (convolution2dlayer)
% https://sci-hub.se/10.1109/COMPSAC.2018.10315
@ARTICLE{DEEP_SU,
  author  = {SU, J. and VASCONCELLOS, D., \textit{et al.}},
  title   = {Lightweight Classification of IoT Malware Based on Image Recognition}, 
  journal = {2018 IEEE 42nd Annual Computer Software and Applications Conference (COMPSAC)},
  doi     = {https://doi.org/10.1109/COMPSAC.2018.10315},
  year    = {2018}
}

% PE file (batch)
% https://www.sciencedirect.com/science/article/pii/S2405959518304636
@ARTICLE{DEEP_VINA,
  author  = {VINAYAKUMAR R. and SOMAN, K.P.},
  title   = {DeepMalNet: Evaluating shallow and deep networks for static PE malware detection},
  journal = {ICT Express.},
  doi     = {https://doi.org/10.1016/j.icte.2018.10.006},
  year    = {2018}
}

% Android (RELU)
% https://sci-hub.se/https://doi.org/10.1007/978-981-13-7561-3_10
@ARTICLE{DEEP_FARUKI,
author = {FARUKI, P. and BUDDHADEV, B.{\textit{ et al.}}},
title = {DroidDivesDeep: Android Malware Classification via Low Level Monitorable Features with Deep Neural Networks},
year = {2019},
journal = {International Conference on Security & Privacy},
doi = {https://doi.org/10.1007/978-981-13-7561-3_10}
}

% Ransomware (LSTM)
% https://sci-hub.se/10.1109/RDCAPE.2017.8358312
@ARTICLE{DEEP_MANIATH,
author = {MANIATH, S. and ASHOK, A.{\textit{ et al.}}},
title = {Deep Learning LSTM based Ransomware Detection},
year = {2017},
journal = {Recent Developments in Control, Automation & Power Engineering },
doi = {https://doi.org/10.1109/RDCAPE.2017.8358312}
}

% PE file (autoencoder)
% http://worldcomp-proceedings.com/proc/p2016/DMI8002.pdf
@ARTICLE{DEEP_HARDY,
  author  = {HARDY, W. and LINGWEI, C. \textit{et al.}},
  title   = {DL 4 MD : A Deep Learning Framework for Intelligent Malware Detection},
  journal = {In Int'l Conf. Data Mining},
  pages   = {61-67},
  year={2016}
}

% PE file (resnet50)
% https://link.springer.com/article/10.1007/s11416-018-0324-z
@ARTICLE{DEEP_KHAN,
  author  = {KHAN, R. and ZHANG, X. and KUMAR, R.},
  title   = {Analysis of ResNet and GoogleNet models for malware detection},
  journal = {Journal of Computer Virology and Hacking Techniques},
  volume = {15},
  pages   = {29–37},
  doi   = {https://doi.org/10.1007/s11416-018-0324-z},
  year = {2019}
}

% PE file (VGG16)
% http://iranarze.ir/wp-content/uploads/2018/12/E10382-IranArze.pdf
@ARTICLE{DEEP_KALASH,
  author  = {KALASH, M. and ROCHAN, M. \textit{et al.}},
  title   = {Malware Classification with Deep Convolutional Neural Networks},
  journal = {9th IFIP International Conference on New Technologies, Mobility and Security (NTMS)},
  doi   = {https://doi.org/10.1109/NTMS.2018.8328749},
  year={2018}
}

% PE file (xception)
% https://ieeexplore.ieee.org/abstract/document/8763852
@ARTICLE{DEEP_LO,
  author  = {LO, W. and YANG, X. \textit{et al.}},
  title   = {An Xception Convolutional Neural Network for Malware Classification with Transfer Learning},
  journal = {10th IFIP International Conference on New Technologies, Mobility and Security (NTMS)},
  doi   = {https://doi.org/10.1109/NTMS.2019.8763852},
  year={2019}
}

%Deep Belief
%https://github.com/aspurdy/dbn
%https://sci-hub.se/10.1007/978-3-319-47121-1_5
@ARTICLE{DEEP_BELIEF,
author = {HOU, S. and SAAS, A.{\textit{ et al.}}},
title = {DroidDelver: An Android Malware Detection System Using Deep Belief Network Based on API Call Blocks},
year = {2016},
journal = {Web-Age Information Management. WAIM 2016 International Workshops, MWDA, SDMMW, and SemiBDMA},
doi = {https://doi.org/10.1007/978-3-319-47121-1_5}
}

%Firewall (LSTM)
%LSTM = https://sci-hub.se/10.1109/TII.2020.3021689		
@ARTICLE{DEEP_LSTM_WOZNIAK,
author = {WOZNIAK, M. and SILKA, J.{\textit{ et al.}}},
title = {Recurrent Neural Network model for IoT and Networking Malware Threads Detection},
year = {2015},
journal = {IEEE Transactions on Industrial Informatics.},
doi = {https://doi.org/10.1109/TII.2020.3021689}
}


@ARTICLE{Chollet,
  author  = {François CHOLLET},
  title   = {Xception: Deep Learning with Depthwise Separable Convolutions},
  journal = {2017 IEEE Conference on Computer Vision and Pattern Recognition (CVPR)},
  doi   = {10.1109/CVPR.2017.195},
  year={2017}
}

\end{filecontents}
\documentclass{article}
\usepackage[maxnames=10]{biblatex}
\addbibresource{\jobname.bib}
\usepackage{hyperref}
\begin{document}
\cite{youtube}
\printbibliography
\end{document}