%
% This is file `coppe.bib'.
%
% Bibliographic references for the documentation.
%
% Copyright (C) 2011 CoppeTeX Project and any individual authors listed
% elsewhere in this file.
%
% This program is free software; you can redistribute it and/or modify
% it under the terms of the GNU General Public License version 3 as
% published by the Free Software Foundation.
%
% This program is distributed in the hope that it will be useful,
% but WITHOUT ANY WARRANTY; without even the implied warranty of
% MERCHANTABILITY or FITNESS FOR A PARTICULAR PURPOSE. See the
% GNU General Public License version 3 for more details.
%
% You should have received a copy of the GNU General Public License
% version 3 along with this package (see COPYING file).
% If not, see <http://www.gnu.org/licenses/>.
%
% $URL: https://coppetex.svn.sourceforge.net/svnroot/coppetex/trunk/coppe.bib $
% $Id: coppe.bib 118 2008-10-18 14:17:06Z helano $
%
% Author(s): Vicente H. F. Batista
%            George O. Ainsworth Jr.
%


% -- REAL SOURCES ---

@ARTICLE{autor1,
   author = "Primeiro autor and Segundo Autor and Terceiro Autor",
   title = {Um grande artigo de periódico aqui},
   journal = {O referido periódico},
   volume = {21},
   number = {2},
   pages = {143--149},
   year = 1996
}

@book{book:horowitz,
   title =     {The Art of Electronics},
   author =    {Paul Horowitz and Winfield Hill},
   publisher = {Cambridge University Press},
   isbn =      {0521809266,9780521809269},
   year =      {2015},
   series =    {},
   edition =   {3}}

@misc{FPGA_ref,
    author = "Accellera",
    title  = "SystemVerilog 3.1a Language Reference Manual",
	year   = 2004,
    url	   = "http://www.ece.uah.edu/~gaede/cpe526/SystemVerilog_3.1a.pdf",
   urldate = {2018-05-18}
}

@MastersThesis{autor2,
    author = "O Autor",
    title  = "Um grande trabalho",
    school = "Universiade Federal de Pernambuco",
    type = "dissertação",
    address = "Recife, PE",
    year = 2019,
    }

@PHDTHESIS{phdthesis-example,
   author = "Paes~Junior, H. R.",
   title = "Influ{\^e}ncia da Espessura da Camada Intr{\'i}nseca e Energia do Foton na Degrada{\c c}\~ao de C{\'e}lulas Solares de Sil{\'i}cio Amorfo Hidrogenado",
   school = "COPPE/UFRJ",
   address = "Rio de Janeiro, RJ, Brasil",
   type = "Tese de {D.Sc.}",
   year = 1994,
}

@INPROCEEDINGS{inproceedings-example,
   author = "M. E. Gurtin",
   title = "On the nonlinear theory of elasticity",
   booktitle = "Proceedings of the International Symposium on Continuum Mechanics and Partial Differential Equations: Contemporary Developments in Continuum Mechanics and Partial Differential Equations",
   pages = "237-253",
   address = "Rio de Janeiro",
   month = aug,
   year = 1977,
}

@book{hart2016eletronica,
  title="Eletr{\^o}nica de pot{\^e}ncia: an{\'a}lise e projetos de circuitos",
  author="Hart, Daniel W",
  year="2016",
  address = "Rio de Janeiro",
  publisher="McGraw Hill Brasil",
}

@book{lakatos2001trabalho,
  title="Metodologia do trabalho cient{\'\i}fico",
  author="Lakatos, Eva Maria and Marconi, Marina de Andrade ",
  year="2001",
  address = "S{\~a}o Paulo",
  publisher="S{\~a}o Paulo: Atlas"
}

@book{smith2014microelectronic,
	title="Microelectronic Circuits",
	author="Smith, Sedra",
	year="2014",
    address = "New York",
	publisher="New York Oxford University Press",
	edition = 7,
}

@misc{Modelo_TCC,
	author = "UFPE",
	title  = "Modelo do TCC",
	year   = 2023,
	howpublished	   = "https://www.ufpe.br/documents/39058/3913338/Modelo-monografia-tcc/e058a571-9373-4398-a4b1-f629295b97b7",
	url	   = "https://www.ufpe.br/documents/39058/3913338/Modelo-monografia-tcc/e058a571-9373-4398-a4b1-f629295b97b7",
	note = {Acesso em: 10/05/2023},
}

@book{RaspberryGuide,
	author    = {Gareth Halfacree}, 
	title     = {The Official Raspberry Pi Beginner’s Guide},
	publisher = {Raspberry Pi PRESS},
	year      = 2020,
	volume    = {},
	series    = {},
	address   = {Cambridge},
	edition   = 4,
	month     = {},
	note      = {},
	isbn      = {}
}